@BOOK{Wettl04,
  author="Ferenc Wettl and Gyula Mayer and Péter Szabó",
  title="\LaTeX~kézikönyv",
  publisher="Panem Könyvkiadó",
  year=2004
}

@ARTICLE{Candy86,
  author ="James C. Candy",
  title  ="Decimation for Sigma Delta Modulation",
  journal="{IEEE} Trans.\ on Communications",
  volume =34,
  number =1,
  pages  ="72--76",
  month  =jan,
  year   =1986,
}

@INPROCEEDINGS{Lee87,
  author =       "Wai L. Lee and Charles G. Sodini",
  title =        "A Topology for Higher Order Interpolative Coders",
  booktitle =    "Proc.\ of the IEEE International Symposium on Circuits and Systems",
  year =         1987,
  vol =          2,
  month =        may # "~4--7",
  address =      "Philadelphia, PA, USA",
  pages =        "459--462"
}

@PHDTHESIS{KissPhD,
  author =   "Peter Kiss",
  title =    "Adaptive Digital Compensation of Analog Circuit Imperfections for Cascaded Delta-Sigma Analog-to-Digital Converters",
  school =   "Technical University of Timi\c{s}oara, Romania",
  month =    apr,
  year =     2000
}

@MANUAL{Schreier00,
  author = "Richard Schreier",
  title  = "The Delta-Sigma Toolbox v5.2",
  organization = "Oregon State University",
  year   = 2000,
  month  = jan,
  note   ="URL: http://www.mathworks.com/matlabcentral/fileexchange/"
}

@MISC{DipPortal,
	author="Budapesti {M}ûszaki és {G}azdaságtudományi {E}gyetem {V}illamosmérnöki és {I}nformatikai {K}ar",
  title="{D}iplomaterv portál (2011 február 26.)",
  howpublished="\url{http://diplomaterv.vik.bme.hu/}",
}

@InProceedings{Recski:2016d,
  author = {G\'abor Recski},
  title = {Building Concept Graphs from Monolingual Dictionary Entries},
  booktitle = {{Proceedings of the Tenth International Conference on Language Resources and Evaluation (LREC 2016)}},
  year = {2016},
  address = {Portoro\v{z}, Slovenia},
  editor = {Nicoletta Calzolari and Khalid Choukri and Thierry Declerck and Marko Grobelnik and Bente Maegaard and Joseph Mariani and Asuncion Moreno and Jan Odijk and Stelios Piperidis},
  publisher = {European Language Resources Association (ELRA)},
  isbn = {978-2-9517408-9-1},
  language = {english}
 }

@article{Wang:2018,
  title={Yuanfudao at SemEval-2018 Task 11: Three-way Attention and Relational Knowledge for Commonsense Machine Comprehension},
  author={Liang Wang and Meng Sun and Wei Zhao and Kewei Shen and Jingming Liu},
  journal={arXiv preprint arXiv:1803.00191},
  year={2018}
}